@article{article,
	author="作者A and 作者B and 作者C and 作者D",
	title="文章名",
	journal="期刊",
	year="2000",
	volume="4",
	number="3",
	pages="12-87",
	language="zh"
}	
@book{book,
	author="作者A and 作者B and 作者C",
	title="书名",
	publisher="出版社",
	year="1999",
	address="北京"
}
@patent{patent,
	author="作者A and 作者B",
	title="标题",
	address="国家",
	key="代号",
	year="2001",
	month="12",
	date="2"
}
@newspaper{newspaper,
	author="作者",
	title="标题",
	journal="报纸",
	year="2015",
	month="2",
	date="1"
}
@database{database,
	title="数据库",
	author="作者",
	url="http://www.gnu.org/",
	month="10",
	year="1999",
	date="3"
}
@inproceedings{inproc,
	author="作者",
	title="标题",
	booktitle="刊名",
	year="1998",
	volume="4(12)",
	pages="123-323",
	address="北京",
	publisher="出版社"
}
@manual{manual,
	title="文献题目",
	author="作者",
	url="http://www.gnu.org/",
	month="10",
	year="2012",
	date="12"
}
@software{software,
	title="软件",
	author="作者",
	url="http://www.gnu.org/",
	month="10",
	year="2012",
	date="12"
}
@mastersthesis{masterthesis,
	author="作者",
	title="标题",
	school="学校",
	year="1999",
	address="合肥"
}
@phdthesis{phdthesis,
	author="作者",
	title="标题",
	school="学校",
	year="1999",
	address="合肥"
}
@standard{standard,
	key="代号",
	title="标题",
	address="出版地",
	year="1999",
	publisher="出版单位"
}
@techreport{report,
	author="报告者",
	title="报告题目",
	institution="报告会主办单位",
	year="报告年份",
	address="报告地"
}
